@article{Einstein35,
	title = {Can Quantum-Mechanical Description of Physical Reality Be Considered Complete?},
  	author = {Einstein, A. and Podolsky, B. and Rosen, N.},
  	journal = {Phys. Rev.},
  	volume = {47},
  	issue = {10},
  	pages = {777--780},
  	numpages = {0},
  	year = {1935},
  	month = {May},
  	publisher = {American Physical Society},
  	doi = {10.1103/PhysRev.47.777},
  	url = {https://link.aps.org/doi/10.1103/PhysRev.47.777}
}

@article{Schrödinger35, 
	title={Discussion of Probability Relations between Separated Systems},
	volume={31},
	doi={10.1017/S0305004100013554},
	number={4},
	journal={Mathematical Proceedings of the Cambridge Philosophical Society},
	publisher={Cambridge University Press},
	author={Schrödinger,
	E.},
	year={1935},
	pages={555–563}
}
